<collection xmlns="http://www.loc.gov/MARC21/slim">
<record>
  <leader>01508nam0a22003011i 450 </leader>
  <controlfield tag="001">IT\ICCU\CNCE\047337</controlfield>
  <controlfield tag="005">20080107000000.0</controlfield>
  <datafield tag="100" ind1=" " ind2=" ">
    <subfield code="a">19990222d1533        0itac0103    ba</subfield>
  </datafield>
  <datafield tag="101" ind1=" " ind2=" ">
    <subfield code="a">LAT</subfield>
  </datafield>
  <datafield tag="102" ind1=" " ind2=" ">
    <subfield code="a">IT</subfield>
  </datafield>
  <datafield tag="200" ind1="1" ind2=" ">
    <subfield code="a">Opus luculentissimum atque elegantissimum ouiliarum in quo libri. XXVI continetur</subfield>
  </datafield>
  <datafield tag="210" ind1=" " ind2=" ">
    <subfield code="e">Mediolani</subfield>
    <subfield code="g">excussum ... a Vincentio medda impressore solerti sumptu ipsius auctoris &amp; Ioannis Antonij Legnani</subfield>
    <subfield code="h">1533 quinto Calendas Nouembris (28 X</subfield>
  </datafield>
  <datafield tag="215" ind1=" " ind2=" ">
    <subfield code="a">26 v.</subfield>
    <subfield code="d">2ʻ</subfield>
  </datafield>
  <datafield tag="300" ind1=" " ind2=" ">
    <subfield code="a">L&apos; opera comprende un indice generale conproprio front.ANNULLATA !!! Cfr. CNC 30567 !!!</subfield>
  </datafield>
  <datafield tag="620" ind1=" " ind2=" ">
    <subfield code="a">IT</subfield>
    <subfield code="d">Milano</subfield>
  </datafield>
  <datafield tag="700" ind1=" " ind2="1">
    <subfield code="a">Perbono,</subfield>
    <subfield code="b">Girolamo</subfield>
    <subfield code="3">IT\ICCU\CNCA\011924</subfield>
  </datafield>
  <datafield tag="712" ind1="0" ind2="0">
    <subfield code="a">Meda, Vincenzo</subfield>
    <subfield code="3">IT\ICCU\CNCT\000225</subfield>
    <subfield code="4">650</subfield>
  </datafield>
  <datafield tag="712" ind1="0" ind2="0">
    <subfield code="a">Da_Legnano, Giovanni Antonio</subfield>
    <subfield code="3">IT\ICCU\CNCT\001339</subfield>
    <subfield code="4">650</subfield>
  </datafield>
  <datafield tag="790" ind1=" " ind2="1">
    <subfield code="a">Perbuono,</subfield>
    <subfield code="b">Girolamo</subfield>
    <subfield code="3">IT\ICCU\CNCA\009061</subfield>
    <subfield code="z">Perbono, Girolamo</subfield>
  </datafield>
  <datafield tag="790" ind1=" " ind2="1">
    <subfield code="a">Perbonus,</subfield>
    <subfield code="b">Hieronymus</subfield>
    <subfield code="3">IT\ICCU\CNCA\010005</subfield>
    <subfield code="z">Perbono, Girolamo</subfield>
  </datafield>
  <datafield tag="791" ind1="0" ind2="0">
    <subfield code="a">Gallus, Vincentius</subfield>
    <subfield code="3">IT\ICCU\CNCT\003826</subfield>
    <subfield code="z">Meda, Vincenzo</subfield>
  </datafield>
  <datafield tag="791" ind1="0" ind2="0">
    <subfield code="a">Medda, Vincentius</subfield>
    <subfield code="3">IT\ICCU\CNCT\005149</subfield>
    <subfield code="z">Meda, Vincenzo</subfield>
  </datafield>
  <datafield tag="791" ind1="0" ind2="0">
    <subfield code="a">Legnano, Giovanni Antonio da</subfield>
    <subfield code="3">IT\ICCU\CNCT\004466</subfield>
    <subfield code="z">Da_Legnano, Giovanni Antonio</subfield>
  </datafield>
  <datafield tag="791" ind1="0" ind2="0">
    <subfield code="a">Legnanus, Ioannes Antonius</subfield>
    <subfield code="3">IT\ICCU\CNCT\004467</subfield>
    <subfield code="z">Da_Legnano, Giovanni Antonio</subfield>
  </datafield>
  <datafield tag="801" ind1=" " ind2="3">
    <subfield code="a">IT</subfield>
    <subfield code="b">ICCU</subfield>
    <subfield code="c">20201115</subfield>
  </datafield>
  <datafield tag="899" ind1=" " ind2=" ">
    <subfield code="a">Biblioteca nazionale centrale. Firenze</subfield>
    <subfield code="1">FI0098</subfield>
    <subfield code="2">CFI CF</subfield>
  </datafield>
  <datafield tag="899" ind1=" " ind2=" ">
    <subfield code="a">Biblioteca universitaria Alessandrina. Roma</subfield>
    <subfield code="1">RM0280</subfield>
    <subfield code="2">RML 01</subfield>
  </datafield>
  <datafield tag="899" ind1=" " ind2=" ">
    <subfield code="a">Biblioteca Reale. Torino</subfield>
    <subfield code="1">TO0263</subfield>
    <subfield code="2">TO0 07</subfield>
  </datafield>
</record>
</collection>
